@ARTICLE{2017arXiv170205488L,
   author = {{Luger}, R. and {Kruse}, E. and {Foreman-Mackey}, D. and {Agol}, E. and
	{Saunders}, N.},
    title = "{An update to the EVEREST K2 pipeline: Short cadence, saturated stars, and Kepler-like photometry down to Kp = 15}",
  journal = {ArXiv e-prints},
archivePrefix = "arXiv",
   eprint = {1702.05488},
 primaryClass = "astro-ph.IM",
 keywords = {Astrophysics - Instrumentation and Methods for Astrophysics, Astrophysics - Earth and Planetary Astrophysics},
     year = 2017,
    month = feb,
   adsurl = {http://adsabs.harvard.edu/abs/2017arXiv170205488L},
  adsnote = {Provided by the SAO/NASA Astrophysics Data System}
}
